@misc{bib:musica_jesus,
  author = "Elieses Ademir de Jesus",
  title  = "Zorelha: um objeto de aprendizagem para auxiliar o desenvolvimento da percepção musical em crianças de 4 a 6 anos."
  year   = "2008"
  school = "UNIVALE"
  address= "Itajaí"
}